<record><leader>00000cas a22000007a 4500</leader><controlfield tag="001">14249933</controlfield><controlfield tag="008">860922u1949uuuutxuwr ne      0    0eng d</controlfield><datafield ind1=" " ind2=" " tag="010"><subfield code="a">sn 86089172 </subfield></datafield><datafield ind1=" " ind2=" " tag="040"><subfield code="a">PPM</subfield><subfield code="b">eng</subfield><subfield code="c">PPM</subfield><subfield code="d">OCLCQ</subfield></datafield><datafield ind1=" " ind2=" " tag="042"><subfield code="a">msc</subfield></datafield><datafield ind1="0" ind2="0" tag="245"><subfield code="a">Live Oak County herald and McMullen County news.</subfield></datafield><datafield ind1="1" ind2="7" tag="246"><subfield code="a">Live Oak County herald</subfield></datafield><datafield ind1="1" ind2="7" tag="246"><subfield code="a">Herald and news</subfield></datafield><datafield ind1=" " ind2=" " tag="260"><subfield code="a">George West, Tex. :</subfield><subfield code="b">Vin D. and Mary Wellington</subfield></datafield><datafield ind1=" " ind2=" " tag="300"><subfield code="a">v. :</subfield><subfield code="b">ill.</subfield></datafield><datafield ind1=" " ind2=" " tag="310"><subfield code="a">Weekly</subfield></datafield><datafield ind1="0" ind2=" " tag="362"><subfield code="a">Vol. 30, no. 14 (Apr. 5, 1949)-</subfield></datafield><datafield ind1=" " ind2=" " tag="500"><subfield code="a">Published by Herald Pub. Co., Nov. 1949-</subfield></datafield><datafield ind1=" " ind2=" " tag="752"><subfield code="a">United States</subfield><subfield code="b">Texas</subfield><subfield code="c">Live Oak</subfield><subfield code="d">George West.</subfield></datafield><datafield ind1="0" ind2="0" tag="780"><subfield code="t">Live Oak County herald (George West, Tex. : 1932)</subfield></datafield><datafield ind1="1" ind2=" " tag="029"><subfield code="a">AU@</subfield><subfield code="b">000025839203</subfield></datafield></record>